@online{websockets,
author = {IETF},
title = {BiDirectional or Server-Initiated HTTP (hybi) - Charter},
year = {2013},
url = {https://datatracker.ietf.org/wg/hybi/charter},
}

@article{nodejs,
  title={Node. js: Using JavaScript to build high-performance network programs},
  author={Tilkov, Stefan and Vinoski, Steve},
  journal={Internet Computing, IEEE},
  volume={14},
  number={6},
  pages={80--83},
  year={2010},
  publisher={IEEE}
}